<?xml version="1.0" encoding="UTF-8"?>
<record xmlns="http://www.loc.gov/MARC21/slim">
   <leader>00809cam a22002175  4500</leader>
   <controlfield tag="001">2835801</controlfield>
   <controlfield tag="003">NjP</controlfield>
   <controlfield tag="005">20100811084912.0</controlfield>
   <controlfield tag="008">991207q19591960ir            000 0 ara d</controlfield>
   <datafield tag="024" ind1="7" ind2=" ">
      <subfield code="a">princeton_aco003329</subfield>
      <subfield code="2">local</subfield>
   </datafield>
   <datafield ind1=" " ind2=" " tag="035">
      <subfield code="a">(OCoLC)ocm42943653</subfield>
   </datafield>
   <datafield ind1=" " ind2=" " tag="035">
      <subfield code="9">CNR8346TS</subfield>
   </datafield>
   <datafield ind1=" " ind2=" " tag="040">
      <subfield code="a">PUL</subfield>
      <subfield code="c">PUL</subfield>
   </datafield>
   <datafield ind1="0" ind2=" " tag="041">
      <subfield code="a">araper</subfield>
      <subfield code="h">und</subfield>
   </datafield>
   <datafield ind1="1" ind2=" " tag="100">
      <subfield code="a">Rūḥānī, Aḥmad ibn Ṣādiq al-Ḥuṣaynī,</subfield>
      <subfield code="d">1904-</subfield>
   </datafield>
   <datafield ind1="0" ind2="0" tag="245">
      <subfield code="a">Sirr al-saʻādah,</subfield>
      <subfield code="b">ba-zamīmeh-yi tarjameh yi ān Ramz-i nīkbakhtī, mutarjim:</subfield>
      <subfield code="c">Abū al-Qāsim Dānish Āshtiyānī.</subfield>
   </datafield>
   <datafield ind1=" " ind2=" " tag="260">
      <subfield code="a">Qumm,</subfield>
      <subfield code="c">1379 [1959/60]</subfield>
   </datafield>
   <datafield ind1=" " ind2=" " tag="300">
      <subfield code="a">138 p.</subfield>
      <subfield code="c">22 cm.</subfield>
   </datafield>
   <datafield ind1=" " ind2=" " tag="546">
      <subfield code="a">In Arabic and Persian.</subfield>
   </datafield>
   <datafield ind1="1" ind2=" " tag="700">
      <subfield code="a">Dānish Āshtiyānī, Abū al-Qāsim ibn Muḥammad Taqī,</subfield>
      <subfield code="d">1911-</subfield>
      <subfield code="e">tr.</subfield>
   </datafield>
   <datafield ind1=" " ind2=" " tag="945">
      <subfield code="a">F</subfield>
      <subfield code="b">1</subfield>
      <subfield code="c">2274.6845.385</subfield>
   </datafield>
   <datafield ind1=" " ind2=" " tag="911">
      <subfield code="a">20000220</subfield>
   </datafield>
   <datafield ind1="0" ind2="0" tag="852">
      <subfield code="0">3148282</subfield>
      <subfield code="b">rcppa</subfield>
      <subfield code="t">1</subfield>
      <subfield code="h">BP178</subfield>
      <subfield code="i">.R843 1959</subfield>
      <subfield code="x">tr fr nec</subfield>
   </datafield>
   <datafield ind1=" " ind2=" " tag="959">
      <subfield code="a">2009-07-01 14:45:42 -0400</subfield>
   </datafield>
</record>
